<?xml version="1.0" encoding="utf-8"?>
<record xmlns="http://www.loc.gov/MARC21/slim" xmlns:xsi="http://www.w3.org/2001/XMLSchema-instance" xsi:schemaLocation="http://www.loc.gov/MARC21/slim http://www.loc.gov/standards/marcxml/schema/MARC21slim.xsd">
	<leader>     nam a22        4500</leader>
	<controlfield tag="001">2638204</controlfield>
	<controlfield tag="003">NNC</controlfield>
	<controlfield tag="006">m        d        </controlfield>
	<controlfield tag="007">cr cn |||m|||a</controlfield>
	<controlfield tag="008">160408q19251927ua      o     000 0 ara  </controlfield>
	<datafield ind1=" " ind2=" " tag="040">
		<subfield code="a">NNU</subfield>
		<subfield code="b">eng</subfield>
		<subfield code="e">rda</subfield>
		<subfield code="c">NNU</subfield>
	</datafield>
	<datafield ind1=" " ind2=" " tag="043">
		<subfield code="a">f-ua---</subfield>
	</datafield>
	<datafield ind1="0" ind2="0" tag="050">
		<subfield code="a">AC106</subfield>
		<subfield code="b">.A2</subfield>
	</datafield>
	<datafield ind1="1" ind2=" " tag="100">
		<subfield code="6">880-01</subfield>
		<subfield code="a">Abāẓah, Fikrī,</subfield>
		<subfield code="e">author.</subfield>
	</datafield>
	<datafield ind1="1" ind2="0" tag="245">
		<subfield code="6">880-02</subfield>
		<subfield code="a">Majmūʻat maqālāt Fikrī Abāẓah al-muḥāmī :</subfield>
		<subfield code="b">nushirat bi-al-jarāʼid al-yawmīyah wa-al-usbūʻīyah li-munāsabāt siyāsīyah wa-ijtimāʻīyah.</subfield>
	</datafield>
	<datafield ind1="1" ind2=" " tag="246">
		<subfield code="6">880-03</subfield>
		<subfield code="i">Volume 2 has title:</subfield>
		<subfield code="a">Majmūʻah al-thānīyah min maqālāt wa-khuṭab al-ustādh Fikrī Abāẓah al-muḥāmī</subfield>
	</datafield>
	<datafield ind1="1" ind2=" " tag="246">
		<subfield code="6">880-04</subfield>
		<subfield code="i">Volume 3 has title:</subfield>
		<subfield code="a">Majmūʻah al-thālithah min maqālāt wa-khuṭab al-ustādh Fikrī Abāẓah al-muḥāmī</subfield>
	</datafield>
	<datafield ind1=" " ind2="1" tag="264">
		<subfield code="6">880-05</subfield>
		<subfield code="a">Miṣr :</subfield>
		<subfield code="b">al-Maṭbaʻah al-Tijārīyah al-Kubrá,</subfield>
		<subfield code="c">[1925?]-</subfield>
	</datafield>
	<datafield ind1=" " ind2="2" tag="264">
		<subfield code="6">880-06</subfield>
		<subfield code="a">Miṣr :</subfield>
		<subfield code="b">Tuṭlab min Maktabat al-Hilāl bi-al-Fajjālah</subfield>
	</datafield>
	<datafield ind1=" " ind2=" " tag="300">
		<subfield code="a">online resource (volumes)</subfield>
	</datafield>
	<datafield ind1=" " ind2=" " tag="336">
		<subfield code="a">text</subfield>
		<subfield code="2">rdacontent</subfield>
	</datafield>
	<datafield ind1=" " ind2=" " tag="337">
		<subfield code="a">computer</subfield>
		<subfield code="2">rdamedia</subfield>
	</datafield>
	<datafield ind1=" " ind2=" " tag="338">
		<subfield code="a">online resource</subfield>
		<subfield code="2">rdacarrier</subfield>
	</datafield>
	<datafield ind1=" " ind2=" " tag="500">
		<subfield code="a">Part of the Arabic Collections Online (ACO) project, contributed by Columbia University Libraries.</subfield>
	</datafield>
	<datafield ind1=" " ind2=" " tag="533">
		<subfield code="a">Electronic reproduction.</subfield>
		<subfield code="b">New York, N.Y. :</subfield>
		<subfield code="c">New York University,</subfield>
		<subfield code="d">2016.</subfield>
		<subfield code="5">NNU</subfield>
	</datafield>
	<datafield ind1=" " ind2="0" tag="651">
		<subfield code="a">Egypt</subfield>
		<subfield code="x">Politics and government</subfield>
		<subfield code="y">1919-1952.</subfield>
	</datafield>
	<datafield ind1=" " ind2="7" tag="650">
		<subfield code="a">Politics and government</subfield>
		<subfield code="2">fast</subfield>
		<subfield code="0">(OCoLC)fst01919741</subfield>
	</datafield>
	<datafield ind1=" " ind2="7" tag="651">
		<subfield code="a">Egypt.</subfield>
		<subfield code="2">fast</subfield>
		<subfield code="0">(OCoLC)fst01208755</subfield>
	</datafield>
	<datafield ind1=" " ind2="7" tag="648">
		<subfield code="a">1919 - 1952</subfield>
		<subfield code="2">fast</subfield>
	</datafield>
	<datafield ind1="2" ind2=" " tag="710">
		<subfield code="a">Columbia University.</subfield>
		<subfield code="b">Libraries.</subfield>
	</datafield>
	<datafield ind1="0" ind2=" " tag="730">
		<subfield code="a">Arabic Collections Online.</subfield>
	</datafield>
	<datafield ind1="0" ind2="8" tag="776">
		<subfield code="i">Print version:</subfield>
		<subfield code="a">Abāẓah, Fikrī, author.</subfield>
		<subfield code="t">Majmūʻat maqālāt Fikrī Abāẓah al-muḥāmī</subfield>
		<subfield code="w">(NNC)2638204</subfield>
		<subfield code="w">(DLC)ne 68000043 </subfield>
		<subfield code="w">(OCoLC)37924471</subfield>
	</datafield>
	<datafield ind1="4" ind2="0" tag="856">
		<subfield code="u">http://hdl.handle.net/2333.1/bg79cs7m</subfield>
	</datafield>
	<datafield ind1="1" ind2=" " tag="880">
		<subfield code="6">100-01/r</subfield>
		<subfield code="a">أباظه، فكري،</subfield>
		<subfield code="e">author.</subfield>
	</datafield>
	<datafield ind1="1" ind2="0" tag="880">
		<subfield code="6">245-02/r</subfield>
		<subfield code="a">مجموعة مقالات فكري أباظه المحامى :</subfield>
		<subfield code="b">نشرت بالجرائد اليومية والأسبوعية لمناسبات سياسية وإجتماعية.</subfield>
	</datafield>
	<datafield ind1="1" ind2=" " tag="880">
		<subfield code="6">246-03/r</subfield>
		<subfield code="i">Volume 2 has title:</subfield>
		<subfield code="a">مجموعة الثانية من مقالات وخطب الأستاذ فكرى أباظه المحامى</subfield>
	</datafield>
	<datafield ind1="1" ind2=" " tag="880">
		<subfield code="6">246-04/r</subfield>
		<subfield code="i">Volume 3 has title:</subfield>
		<subfield code="a">مجموعة الثالثة من مقالات وخطب الأستاذ فكري أباظه المحامي</subfield>
	</datafield>
	<datafield ind1=" " ind2="1" tag="880">
		<subfield code="6">264-05/r</subfield>
		<subfield code="a">مصر :</subfield>
		<subfield code="b">المطبعة التجارية الكبرى،</subfield>
		<subfield code="c">[1925؟-]</subfield>
	</datafield>
	<datafield ind1=" " ind2="2" tag="880">
		<subfield code="6">264-06/r</subfield>
		<subfield code="a">مصر :</subfield>
		<subfield code="b">تطلب من مكتبة الهلال بالفجالة</subfield>
	</datafield>
	<datafield ind1=" " ind2=" " tag="959">
		<subfield code="a">NNU</subfield>
		<subfield code="b">WEB</subfield>
		<subfield code="c">GENI</subfield>
		<subfield code="t">0</subfield>
		<subfield code="m">Electronic access</subfield>
		<subfield code="s">01</subfield>
	</datafield>
	<datafield ind1=" " ind2=" " tag="999">
		<subfield code="i">NNC_2638204</subfield>
		<subfield code="o">(OCoLC)ocm37924471 </subfield>
		<subfield code="s">columbia_aco001877:v.1</subfield>
	</datafield>
</record>
